
@book{zhu_goldberg_2009,
  Author = {Xiaojin Zhu and Andrew B. Goldberg},
  Title = {Introduction to Semi-Supervised Learning (Synthesis Lectures on Artificial Intelligence and Machine Learning)},
  Publisher = {Morgan and Claypool Publishers},
  Year = {2009},
  ISBN = {1598295470}
}


@INPROCEEDINGS{Ghahramani04unsupervisedlearning,
    author = {Zoubin Ghahramani},
    title = {Unsupervised learning},
    booktitle = {Advanced Lectures on Machine Learning},
    year = {2004},
    pages = {72--112},
    publisher = {Springer-Verlag}
}


@article{miller,
	author={Erik G. Learned-Miller},
	title = {Supervised Learning and Bayesian Classification},
	year = 2011,
	publisher = {University of Massachusetts, Amherst},
	url = {https://people.cs.umass.edu/~elm/Teaching/Docs/supervised.pdf}
}


@misc{Coursera,
  Author = {Andrew Ng},
  Institution = {Stanford University, Coursera},
  Howpublished = {Massive Online Open Course},
  Year = {2016},
  Title = {Machine Learning},
  url = {https://www.coursera.org/learn/machine-learning/}

}





@misc{Howto22:online,
author = {{Microsoft Press}},
title = {How to choose machine learning algorithms},
howpublished = {\url{https://azure.microsoft.com/en-us/documentation/articles/machine-learning-algorithm-choice/}}
}

@article{DBLP:journals/corr/SimpsonRP15,
  author    = {Andrew J. R. Simpson and
               Gerard Roma and
               Mark D. Plumbley},
  title     = {Deep Karaoke: Extracting Vocals from Musical Mixtures Using a Convolutional
               Deep Neural Network},
  journal   = {CoRR},
  volume    = {abs/1504.04658},
  year      = {2015},
  url       = {http://arxiv.org/abs/1504.04658},
  timestamp = {Sat, 02 May 2015 17:50:32 +0200},
  biburl    = {http://dblp.uni-trier.de/rec/bib/journals/corr/SimpsonRP15},
  bibsource = {dblp computer science bibliography, http://dblp.org}
}




@misc{ wiki:Machine_learning,
   author = "Wikipedia",
   title = "{Maschinelles Lernen} --- {W}ikipedia{,} The Free Encyclopedia",
   howpublished = {\url{https://de.wikipedia.org/w/index.php?title=Maschinelles_Lernen&oldid=153411385}}
}
 
@misc{BigML33:online,
	author = {Jordan Novet},
	title = {{BigML says its machine learning tech makes data science easy}},
	publisher = {VentureBeat},
	howpublished = {\url{http://venturebeat.com/2013/12/05/bigml-says-its-machine-learning-tech-makes-data-science-easy/}},
	month = {May},
	year = {2013}
}


@url{Phili47:online,
	author = {Philippe Desjardins-Proulx},
	title = {Machine learning and deep transfer learning},
	howpublished = {\url{http://phdp.github.io/posts/2013-07-05-dtl.html}},
	month = {},
	year = {}
}
